@article{schizophrenia,
  title={Facial emotion recognition in schizophrenia:When and why does it go awry?},
  author={Bruce I. Turetsky, Christian G. Kohler, Tim Indersmitten, Mahendra T. Bhati, Dorothy Charbonnier, Ruben C. Gur},
  journal={Schizophrenia Research},
  volume = {94},
  pages={253--263},
  year={2007},
  doi={10.1016/j.schres.2007.05.001}
}

@article{sensors,
  title={Emotion Recognition Using Different Sensors, Emotion Models, Methods and Datasets: A Comprehensive Review},
  author={Yujian Cai, Xingguang Li and Jinsong Li},
  journal={Sensors},
  year={2023},
  doi={10.3390/s23052455}
}

@article{sensors18,
  title={A Review of Emotion Recognition Using Physiological Signals.},
  author={L. Shu, J. Xie, M. Yang, Z. Li, Z. Li, D. Liao, X. Xu, and X. Yang.},
  journal={Sensors},
  year={2018},
  pages = {2074},
  volume = {18},
  doi={10.3390/s18072074}
}

@article{lstm,
  title={Emotion Recognition based on EEG using LSTM Recurrent Neural Network},
  author={Salma Alhagry, Aly Aly Fahmy, Reda A. El-Khoribi},
  journal={International Journal of Advanced Computer Science and Applications(IJACSA)},
  volume = {8},
  year={2017},
  doi={10.14569/IJACSA.2017.081046}
}

@article{cnn,
  title = {Deep learning with convolutional neural networks for EEG decoding and visualization.},
  author = {Robin Tibor Schirrmeister, Jost Tobias Springenberg, Lukas Dominique Josef Fiederer, Martin Glasstetter, Katharina Eggensperger, Michael Tangermann, Frank Hutter, Wolfram Burgard, Tonio Ball},
  journal= {Human Brain Mapping} ,
  volume = {38},
  pages = { 5391--5420},
  year={2017},
  doi={10.1002/hbm.23730}
}

@article{HCI,
  title={A Human–Computer Interaction framework for emotion recognition through time-series thermal video sequences},
  author={Satyajit Nayak, Bingi Nagesh, Aurobinda Routray, Monalisa Sarma},
  journal={Computers & Electrical Engineering},
  volume = {93},
  year={2021},
  doi={10.1016/j.compeleceng.2021.107280}
}

@article{healtcare,
  title={Emotion recognition in medical students: effects of facial appearance and care schema activation},
  author={Valentina Colonnello, Katia Mattarozzi, Paolo M Russ},
  journal={Medical Education},
  volume={53},
  pages={195--205},
  year={2018},
  doi={10.1111/medu.13760}
}

@article{inted,
  title={Academic Emotion Classification and Recognition Method for Large-scale Online Learning Environment—Based on A-CNN and LSTM-ATT Deep Learning Pipeline Method},
  author={Xiang Feng, Yaojia Wei, Xianglin Pan, Longhui Qiu and Yongmei Ma},
  journal={International Journal of Environmental Research and Public Health},
  year={2020},
  doi={10.3390/ijerph17061941}
}

@article{security,
  title={Personnel emotion recognition model for Internet of vehicles security monitoring in community public space},
  author={Erkang Fu, Xi Li, Zhi Yao, Yuxin Ren, Yuanhao Wu & Qiqi Fan},
  journal={EURASIP Journal on Advances in Signal Processing, Article number: 81},
  year={2021},
  doi={10.21203/rs.3.rs-797632/v1}
}

@article{psych,
  title={Toward Sensing Emotions With Deep Visual Analysis: A Long-Term Psychological Modeling Approach},
  author={Xiao Sun; Yezhen Song; Meng Wang},
  journal={IEEE MultiMedia},
  volume={27},
  issue={4},
  pages={18--27},
  year={2020},
  organization={IEEE},
  doi={10.1109/MMUL.2020.3025161}
}

@article{entern,
  title={A continuous and objective evaluation of emotional experience with interactive play environments},
  author={Regan L. Mandryk, M. Stella Atkins, Kori M. Inkpen},
  journal={CHI '06: Proceedings of the SIGCHI Conference on Human Factors in Computing Systems},
  pages={1027--1036},
  year={2006},
  doi={10.1145/1124772.1124926}
}

@article{eeg,
  title={A Systematic Review for Human EEG Brain Signals Based Emotion Classification, Feature Extraction, Brain Condition, Group Comparison},
  author={Mohamed Hamada, B. B. Zaidan & A. A. Zaidan },
  journal={Journal of Medical Systems},
  year={2018},
  doi={10.1007/s10916-018-1020-8}
}

@inproceedings{liu2008isolation,
  title={Isolation Forest},
  author={Liu, Fei Tony and Ting, Kai Ming and Zhou, Zhi-Hua},
  booktitle={2008 Eighth IEEE International Conference on Data Mining},
  pages = {413--422},
  year={2008},
  organization={IEEE}
}

@article{scholkopfsuppor,
  title = {Support Vector Method for Novelty Detection},
  journal = {Advances in Neural Information Processing Systems 12 (NIPS 1999)},
  author = {Schölkopf, Bernhard and Williamson, Robert C. and Smola, Alex J. and Shawe-Taylor, John and Platt, John C.},
  year={1999},
  pages = {582-588},
  doi={10.1007/s10916-018-1020-8}
}

@article{sensors_cnn,
  title = {Electroencephalography Based Fusion Two-Dimensional (2D)-Convolution Neural Networks (CNN) Model for Emotion Recognition System},
  journal = {Sensors},
  author = {Yea-Hoon Kwon, Sae-Byuk Shin and Shin-Dug Kim},
  year={2018},
  pages = {1383},
  doi={10.3390/s18051383}
}

@article{time_series,
  title = {Time Series Forecasting: Core Concepts and Definitions},
  journal = {Core Concepts and Methods in Load Forecasting},
  author = {Stephen Haben, Marcus Voß, William Holderbaum},
  year={2023},
  pages = {55--66},
  doi={10.1007/978-3-031-27852-5_5}
}

@article{med_cnn,
  title = {Automated accurate emotion recognition system using rhythm-specific deep convolutional neural network technique with multi-channel EEG signals},
  author = {Daksh Maheshwari, S.K. Ghosh, R.K. Tripathy, Manish Sharma, U. Rajendra Acharya},
  journal={Computers in Biology and Medicine},
  volume={134},
  year={2021},
  doi={10.1016/j.compbiomed.2021.104428}
}

@article{sharma,
  title = {Automated emotion recognition based on higher order statistics and deep learning algorithm},
  author = {Sharma, R., Pachori, R. B., and Sircar, P.},
  journal={Biomedical Signal Processing and Control},
  volume={58},
  year={2020},
  doi={10.1016/j.bspc.2020.101867}
}

@article{gan,
  title = {WGAN Domain Adaptation for
EEG-Based Emotion Recognition},
  author = {Yun Luo, Si-Yang Zhang, Wei-Long Zheng, and Bao-Liang Lu},
  journal={ICONIP 2018: Neural Information Processing},
  pages={275–-286},
  year={2018},
  doi={10.1007/978-3-030-04221-9_25}
}



@article{seed, 
    author={W. Zheng and W. Liu and Y. Lu and B. Lu and A. Cichocki}, 
    journal={IEEE Transactions on Cybernetics}, 
    title={EmotionMeter: A Multimodal Framework for Recognizing Human Emotions}, 
    year={2018}, 
    volume={}, 
    number={}, 
    pages={1-13}, 
    keywords={Electroencephalography;Emotion recognition;Electrodes;Feature extraction;Human computer interaction;Biological neural networks;Brain modeling;Affective brain-computer interactions;deep learning;EEG;emotion recognition;eye movements;multimodal deep neural networks}, 
    doi={10.1109/TCYB.2018.2797176}, 
    ISSN={2168-2267}, 
    month={}
}
